@article{turing1950_intelligence,
	author = {Alan M. Turing},
	title = {Computing Machinery and Intelligence},
	journal = {Mind},
	volume = {59},
	pages = {433--460},
	year = {1950}
}

@article{jefferson1949_BMJ,
	author = {Geoffrey Jefferson},
	title = {The Mind of Mechanical Man},
	journal = {British Medical Journal},
	pages = {1110},
	year = {1949}
}

@article{lovelace1843_notes,
	author = {Ada Lovelace},
	title = {Notes},
	year = {1843}
}

@article{searle1980_mbp,
	author = {John. R. Searle},
	title = {Minds, Brains, and Programs},
	journal = {Behavioural and Brain Sciences},
	year = {1980}
}

@article{hasan2016_captcha,
author = {Hasan, Walid},
year = {2016},
month = {06},
pages = {1-21},
title = {A Survey of Current Research on CAPTCHA},
volume = {7},
journal = {International Journal of Computer Science and Engineering Survey},
doi = {10.5121/ijcses.2016.7301}
}

@article{mist2019,
author = {Łupkowski, Paweł and Jurowska, Patrycja},
year = {2019},
month = {03},
pages = {35-47},
title = {Minimum Intelligent Signal Test (MIST) as an Alternative to the Turing Test},
volume = {16},
journal = {Diametros},
doi = {10.33392/diam.1125}
}

@article{loebner_prize,
title = {https://www.ocf.berkeley.edu/~arihuang/academic/research/loebner.html}
}